<?xml version="1.0" encoding="UTF-8"?>

                <record xmlns="http://www.loc.gov/MARC21/slim">
                    <leader>01480nam a2200433 cc4500</leader>
                    <controlfield tag="001">990042470290203331</controlfield>
                    <controlfield tag="005">20180912182031.0</controlfield>
                    <controlfield tag="007">tu</controlfield>
                    <controlfield tag="008">040926|2004####au############|||#|#ger#u</controlfield>
                    <controlfield tag="009">AC04259515</controlfield>
                    <datafield tag="020" ind1=" " ind2=" ">
                        <subfield code="a">3205772377</subfield>
                    </datafield>
                    <datafield tag="035" ind1=" " ind2=" ">
                        <subfield code="a">AC04259515</subfield>
                    </datafield>
                    <datafield tag="035" ind1=" " ind2=" ">
                        <subfield code="a">(Aleph)004247029ACC01</subfield>
                    </datafield>
                    <datafield tag="035" ind1=" " ind2=" ">
                        <subfield code="a">(DE-599)OBVAC04259515</subfield>
                    </datafield>
                    <datafield tag="035" ind1=" " ind2=" ">
                        <subfield code="a">(AT-OBV)AC04259515</subfield>
                    </datafield>
                    <datafield tag="040" ind1=" " ind2=" ">
                        <subfield code="a">UBI</subfield>
                        <subfield code="b">ger</subfield>
                        <subfield code="d">HLK</subfield>
                        <subfield code="e">rakwb</subfield>
                    </datafield>
                    <datafield tag="041" ind1=" " ind2=" ">
                        <subfield code="a">ger</subfield>
                    </datafield>
                    <datafield tag="044" ind1=" " ind2=" ">
                        <subfield code="c">XA-AT</subfield>
                    </datafield>
                    <datafield tag="084" ind1=" " ind2=" ">
                        <subfield code="a">15.60</subfield>
                        <subfield code="2">bkl</subfield>
                        <subfield code="9">O: Automatisch aus GBV_2011-10 2012-06-15</subfield>
                    </datafield>
                    <datafield tag="084" ind1=" " ind2=" ">
                        <subfield code="a">NP 4950</subfield>
                        <subfield code="2">rvk</subfield>
                    </datafield>
                    <datafield tag="090" ind1=" " ind2=" ">
                        <subfield code="a">b</subfield>
                    </datafield>
                    <datafield tag="100" ind1="1" ind2=" ">
                        <subfield code="a">Kovács, Elisabeth</subfield>
                        <subfield code="d">1930-2013</subfield>
                        <subfield code="0">(DE-588)10811578X</subfield>
                        <subfield code="4">aut</subfield>
                        <subfield code="9">O:H</subfield>
                    </datafield>
                    <datafield tag="245" ind1="0" ind2="0">
                        <subfield code="a">Untergang oder Rettung der Donaumonarchie?</subfield>
                        <subfield code="n">1</subfield>
                        <subfield code="p">&lt;&lt;Die>> österreichische Frage : Kaiser und König Karl I. (IV.) und die Neuordnung Mitteleuropas (1916 - 1922)</subfield>
                        <subfield code="c">Elisabeth Kovács</subfield>
                    </datafield>
                    <datafield tag="264" ind1=" " ind2="1">
                        <subfield code="a">Wien [u.a.]</subfield>
                        <subfield code="b">Böhlau</subfield>
                        <subfield code="c">2004</subfield>
                    </datafield>
                    <datafield tag="300" ind1=" " ind2=" ">
                        <subfield code="a">800 S.</subfield>
                        <subfield code="b">zahlr. Ill., Kt.</subfield>
                    </datafield>
                    <datafield tag="500" ind1=" " ind2=" ">
                        <subfield code="a">Literaturverz. S. [699] - 730</subfield>
                    </datafield>
                    <datafield tag="689" ind1="0" ind2="0">
                        <subfield code="a">Karl</subfield>
                        <subfield code="b">I.</subfield>
                        <subfield code="c">Österreich, Kaiser</subfield>
                        <subfield code="d">1887-1922</subfield>
                        <subfield code="D">p</subfield>
                        <subfield code="0">(DE-588)118560077</subfield>
                    </datafield>
                    <datafield tag="689" ind1="0" ind2="1">
                        <subfield code="a">Biografie 1916-1922</subfield>
                        <subfield code="A">f</subfield>
                    </datafield>
                    <datafield tag="689" ind1="0" ind2=" ">
                        <subfield code="5">AT-OBV</subfield>
                        <subfield code="5">UBSFLR</subfield>
                    </datafield>
                    <datafield tag="689" ind1="1" ind2="0">
                        <subfield code="a">Österreich-Ungarn</subfield>
                        <subfield code="D">g</subfield>
                        <subfield code="0">(DE-588)4075613-0</subfield>
                    </datafield>
                    <datafield tag="689" ind1="1" ind2="1">
                        <subfield code="a">Außenpolitik</subfield>
                        <subfield code="D">s</subfield>
                        <subfield code="0">(DE-588)4003846-4</subfield>
                    </datafield>
                    <datafield tag="689" ind1="1" ind2="2">
                        <subfield code="a">Geschichte 1916-1922</subfield>
                        <subfield code="A">z</subfield>
                    </datafield>
                    <datafield tag="689" ind1="1" ind2=" ">
                        <subfield code="5">AT-OBV</subfield>
                        <subfield code="5">UBSFLR UBWTEH DDB</subfield>
                    </datafield>
                    <datafield tag="773" ind1="0" ind2="8">
                        <subfield code="w">(AT-OBV)AC04178209</subfield>
                        <subfield code="q">1</subfield>
                    </datafield>
                    <datafield tag="852" ind1="0" ind2="1">
                        <subfield code="a">43ACC_STFTHLGKR_BIB</subfield>
                        <subfield code="6">990001302170204537</subfield>
                        <subfield code="9">P</subfield>
                    </datafield>
                    <datafield tag="852" ind1="0" ind2="1">
                        <subfield code="a">43ACC_UBS</subfield>
                        <subfield code="6">990010759130203341</subfield>
                        <subfield code="9">P</subfield>
                    </datafield>
                    <datafield tag="852" ind1="0" ind2="1">
                        <subfield code="a">43ACC_WIENB</subfield>
                        <subfield code="6">9910655203504516</subfield>
                        <subfield code="9">P</subfield>
                    </datafield>
                    <datafield tag="852" ind1="0" ind2="1">
                        <subfield code="a">43ACC_UBW</subfield>
                        <subfield code="6">990017650560203332</subfield>
                        <subfield code="9">P</subfield>
                    </datafield>
                    <datafield tag="852" ind1="0" ind2="1">
                        <subfield code="a">43ACC_KLK</subfield>
                        <subfield code="6">990001744080304496</subfield>
                        <subfield code="9">P</subfield>
                    </datafield>
                    <datafield tag="852" ind1="0" ind2="1">
                        <subfield code="a">43ACC_OEAW</subfield>
                        <subfield code="6">990000837500504498</subfield>
                        <subfield code="9">P</subfield>
                    </datafield>
                    <datafield tag="852" ind1="0" ind2="1">
                        <subfield code="a">43ACC_ONB</subfield>
                        <subfield code="6">990007478820603338</subfield>
                        <subfield code="9">P</subfield>
                    </datafield>
                    <datafield tag="852" ind1="0" ind2="1">
                        <subfield code="a">43ACC_BRIDGE_PAR</subfield>
                        <subfield code="6">9964757304485</subfield>
                        <subfield code="9">P</subfield>
                    </datafield>
                    <datafield tag="852" ind1="0" ind2="1">
                        <subfield code="a">43ACC_BMA</subfield>
                        <subfield code="6">990001744080304534</subfield>
                        <subfield code="9">P</subfield>
                    </datafield>
                    <datafield tag="852" ind1="0" ind2="1">
                        <subfield code="a">43ACC_WUW</subfield>
                        <subfield code="6">990004042440203337</subfield>
                        <subfield code="9">P</subfield>
                    </datafield>
                    <datafield tag="852" ind1="0" ind2="1">
                        <subfield code="a">43ACC_UBG</subfield>
                        <subfield code="6">990020237930203339</subfield>
                        <subfield code="9">P</subfield>
                    </datafield>
                    <datafield tag="852" ind1="0" ind2="1">
                        <subfield code="a">43ACC_UBI</subfield>
                        <subfield code="6">990011203480103333</subfield>
                        <subfield code="9">P</subfield>
                    </datafield>
                    <datafield tag="852" ind1="0" ind2="1">
                        <subfield code="a">43ACC_AKW</subfield>
                        <subfield code="6">990002969790203343</subfield>
                        <subfield code="9">P</subfield>
                    </datafield>
                    <datafield tag="852" ind1="0" ind2="1">
                        <subfield code="a">43ACC_OOELB</subfield>
                        <subfield code="6">990004451730304508</subfield>
                        <subfield code="9">P</subfield>
                    </datafield>
                    <datafield tag="970" ind1="1" ind2=" ">
                        <subfield code="c">54</subfield>
                    </datafield>
                    <datafield tag="970" ind1="7" ind2=" ">
                        <subfield code="a">LKR/ITM-UBK</subfield>
                    </datafield>
                    <datafield tag="974" ind1="0" ind2="s">
                        <subfield code="F">030</subfield>
                        <subfield code="A">a|1dcr|||||||</subfield>
                    </datafield>
                    <datafield tag="974" ind1="0" ind2="s">
                        <subfield code="F">050</subfield>
                        <subfield code="A">a|b|||||||||||</subfield>
                    </datafield>
                    <datafield tag="974" ind1="0" ind2="s">
                        <subfield code="F">051</subfield>
                        <subfield code="A">|||||||</subfield>
                    </datafield>
                </record>
